@article{einstein,
    author = "Albert Einstein",
    title = "{Zur Elektrodynamik bewegter K{\"o}rper}. ({German})
    [{On} the electrodynamics of moving bodies]",
    journal = "Annalen der Physik",
    volume = "322",
    number = "10",
    pages = "891--921",
    year = "1905",
    DOI = "http://dx.doi.org/10.1002/andp.19053221004",
    keywords = "physics"
}

@book{dirac,
    title = {The Principles of Quantum Mechanics},
    author = {Paul Adrien Maurice Dirac},
    isbn = {9780198520115},
    series = {International series of monographs on physics},
    year = {1981},
    publisher = {Clarendon Press},
    keywords = {physics}
}

@online{memoria,
    author = "",
    title = "Memoria Informatica",
    url  = "https://www.ecured.cu/Memoria_(informatica)",
    addendum = "",
    keywords = ""
}

}

@online{rom,
    author = "David Aragon",
    title = "Que es un disco duro",
    url  = "https://qloudea.com/blog/que-es-un-disco-duro/",
    addendum = "",
    keywords = ""
}

}

@online{gestion,
    author = "Yanneth Gutierrez Sanchez",
    title = "Gestion de memoria",
    url  = "https://sites.google.com/site/sisoper1/home/gestion-de-memoria#:~:text=La20parte20del20sistema20operativo,necesiten20y20liberC3A1ndola20cuando20terminen ",
    addendum = "",
    keywords = ""
    
}

}

@online{importancia,
    author = "Ruben velazco",
    title = "Que influye mas en la memoria ram, la frecuencia o la latencia",
    url  = "https://hardzone.es/reportajes/comparativas/latencia-velocidad-ram-jugar/",
    addendum = "",
    keywords = ""
    
}


@inbook{profe,
    author = "Augusto Salazar",
    title = "Taller-Nociones de la memoria del computador",
    publisher = "",
    year = "",
    chapter = "",
    keywords  = ""
}